<?xml version="1.0" encoding="UTF-8"?>
<marc:collection xmlns:xsi="http://www.w3.org/2001/XMLSchema-instance"
  xmlns="http://www.loc.gov/mods/v3" xmlns:marc="http://www.loc.gov/MARC21/slim"
  xsi:schemaLocation="http://www.loc.gov/MARC21/slim http://www.loc.gov/standards/marcxml/schema/MARC21slim.xsd">
  <marc:record>
    <marc:leader>     ncm  22     uu 4500</marc:leader>
    <marc:controlfield tag="001">eam37.07</marc:controlfield>
    <marc:controlfield tag="003">McRaeCatalog</marc:controlfield>
    <marc:controlfield tag="008">070724s1853
      ohu|||||s|||||||||||zxx||</marc:controlfield>
    <marc:datafield tag="028" ind1="2" ind2="2">
      <marc:subfield code="a">1819.4</marc:subfield>
      <marc:subfield code="b">W.C. Peters &amp; Sons</marc:subfield>
    </marc:datafield>
    <marc:datafield tag="040" ind1=" " ind2=" ">
      <marc:subfield code="a">VA@</marc:subfield>
      <marc:subfield code="b">eng</marc:subfield>
      <marc:subfield code="c">VA@</marc:subfield>
    </marc:datafield>
    <marc:datafield tag="049" ind1=" " ind2=" ">
      <marc:subfield code="a">VA@@</marc:subfield>
    </marc:datafield>
    <marc:datafield tag="100" ind1="1" ind2=" ">
      <marc:subfield code="a">Kinkel, Charles</marc:subfield>
    </marc:datafield>
    <marc:datafield tag="245" ind1="1" ind2="0">
      <marc:subfield code="a">Mountain belle schottisch</marc:subfield>
      <marc:subfield code="c">composed by C. Kinkel.</marc:subfield>
    </marc:datafield>
    <marc:datafield tag="260" ind1=" " ind2=" ">
      <marc:subfield code="a">Cincinnati, Ohio</marc:subfield>
      <marc:subfield code="b">W.C. Peters &amp; Sons</marc:subfield>
      <marc:subfield code="c">[c1853]</marc:subfield>
    </marc:datafield>
    <marc:datafield tag="300" ind1=" " ind2=" ">
      <marc:subfield code="a">5 p. of music.</marc:subfield>
    </marc:datafield>
    <marc:datafield tag="500" ind1=" " ind2=" ">
      <marc:subfield code="a">For piano solo.</marc:subfield>
    </marc:datafield>
    <marc:datafield tag="540" ind1=" " ind2=" ">
      <marc:subfield code="a">The Library is providing access to this material
        for educational and research purposes and is not aware of any U.S.
        copyright protection (see Title 17 of the United States
        code).</marc:subfield>
    </marc:datafield>
    <marc:datafield tag="650" ind1="1" ind2=" ">
      <marc:subfield code="a">Piano music</marc:subfield>
    </marc:datafield>
    <marc:datafield tag="650" ind1="1" ind2=" ">
      <marc:subfield code="a">Schottisches</marc:subfield>
    </marc:datafield>
    <marc:datafield tag="650" ind1="1" ind2=" ">
      <marc:subfield code="a">Popular instrumental music</marc:subfield>
      <marc:subfield code="y">To 1901</marc:subfield>
    </marc:datafield>
    <marc:datafield tag="852" ind1=" " ind2=" ">
      <marc:subfield code="a">Special Collections, University of Virginia
        Library, Charlottesville, Va.</marc:subfield>
    </marc:datafield>
    <marc:datafield tag="856" ind1=" " ind2=" ">
      <marc:subfield code="u">m000003487</marc:subfield>
      <marc:subfield code="q">image/tiff</marc:subfield>
      <marc:subfield code="3">electronic resource</marc:subfield>
    </marc:datafield>
  </marc:record>