
  <marc:record>
    <marc:leader>     ncm  22     uu 4500</marc:leader>
    <marc:controlfield tag="001">eam105.26</marc:controlfield>
    <marc:controlfield tag="003">McRaeCatalog</marc:controlfield>
    <marc:controlfield tag="008"
      >070724q18301838mdu|||||s|||||||||||eng||</marc:controlfield>
    <marc:datafield tag="028" ind1="2" ind2="2">
      <marc:subfield code="a">Dark eyed one Geo. Willig, Jr.</marc:subfield>
    </marc:datafield>
    <marc:datafield tag="040" ind1=" " ind2=" ">
      <marc:subfield code="a">VA@</marc:subfield>
      <marc:subfield code="b">eng</marc:subfield>
      <marc:subfield code="c">VA@</marc:subfield>
    </marc:datafield>
    <marc:datafield tag="047" ind1=" " ind2=" ">
      <marc:subfield code="a">sg</marc:subfield>
      <marc:subfield code="a">op</marc:subfield>
    </marc:datafield>
    <marc:datafield tag="049" ind1=" " ind2=" ">
      <marc:subfield code="a">VA@@</marc:subfield>
    </marc:datafield>
    <marc:datafield tag="100" ind1="1" ind2=" ">
      <marc:subfield code="a">Auber, D. F. E. (Daniel François
        Esprit),</marc:subfield>
      <marc:subfield code="d">1782-1871</marc:subfield>
    </marc:datafield>
    <marc:datafield tag="240" ind1="1" ind2="0">
      <marc:subfield code="a">Dieu et la Bayadère</marc:subfield>
      <marc:subfield code="n">Acte 1. No. 5</marc:subfield>
      <marc:subfield code="p">Air de danse</marc:subfield>
      <marc:subfield code="o">arr.</marc:subfield>
    </marc:datafield>
    <marc:datafield tag="245" ind1="1" ind2="0">
      <marc:subfield code="a">Dark eyed one</marc:subfield>
      <marc:subfield code="b">Persian love song : sung by Mr.
        Horn</marc:subfield>
      <marc:subfield code="c">written by J.R. Planché ; music by
        Auber.</marc:subfield>
    </marc:datafield>
    <marc:datafield tag="246" ind1="1" ind2=" ">
      <marc:subfield code="a">Persian love long</marc:subfield>
    </marc:datafield>
    <marc:datafield tag="246" ind1="1" ind2=" ">
      <marc:subfield code="a">Dark eyed one! dark eyed one come hither to
        me</marc:subfield>
    </marc:datafield>
    <marc:datafield tag="260" ind1=" " ind2=" ">
      <marc:subfield code="a">Baltimore</marc:subfield>
      <marc:subfield code="b">Published and sold by Geo. Willig,
        Jr.</marc:subfield>
      <marc:subfield code="c">[1830-1838?]</marc:subfield>
    </marc:datafield>
    <marc:datafield tag="300" ind1=" " ind2=" ">
      <marc:subfield code="a">1 score (2 leaves)</marc:subfield>
    </marc:datafield>
    <marc:datafield tag="500" ind1=" " ind2=" ">
      <marc:subfield code="a">For voice and piano.</marc:subfield>
    </marc:datafield>
    <marc:datafield tag="500" ind1=" " ind2=" ">
      <marc:subfield code="a">Caption title.</marc:subfield>
    </marc:datafield>
    <marc:datafield tag="500" ind1=" " ind2=" ">
      <marc:subfield code="a">English words, set to a melody from Auber's opera
        Dieu et la Bayadère.</marc:subfield>
    </marc:datafield>
    <marc:datafield tag="540" ind1=" " ind2=" ">
      <marc:subfield code="a">The Library is providing access to this material
        for educational and research purposes and is not aware of any U.S.
        copyright protection (see Title 17 of the United States
        code).</marc:subfield>
    </marc:datafield>
    <marc:datafield tag="650" ind1="1" ind2=" ">
      <marc:subfield code="a">Songs with piano</marc:subfield>
    </marc:datafield>
    <marc:datafield tag="650" ind1="1" ind2=" ">
      <marc:subfield code="a">Operas</marc:subfield>
      <marc:subfield code="v">Excerpts, Arranged</marc:subfield>
    </marc:datafield>
    <marc:datafield tag="650" ind1="1" ind2=" ">
      <marc:subfield code="a">Popular music</marc:subfield>
      <marc:subfield code="y">To 1901</marc:subfield>
    </marc:datafield>
    <marc:datafield tag="700" ind1="1" ind2=" ">
      <marc:subfield code="a">Planché, J. R. (James Robinson),</marc:subfield>
      <marc:subfield code="d">1796-1880</marc:subfield>
      <marc:subfield code="e">lyricist</marc:subfield>
    </marc:datafield>
    <marc:datafield tag="700" ind1="1" ind2=" ">
      <marc:subfield code="a">Horn, Charles Edward,</marc:subfield>
      <marc:subfield code="d">1786-1849</marc:subfield>
      <marc:subfield code="e">performer</marc:subfield>
    </marc:datafield>
    <marc:datafield tag="852" ind1=" " ind2=" ">
      <marc:subfield code="a">Special Collections, University of Virginia
        Library, Charlottesville, Va.</marc:subfield>
    </marc:datafield>
    <marc:datafield tag="856" ind1=" " ind2=" ">
      <marc:subfield code="u">m000000028</marc:subfield>
      <marc:subfield code="q">image/tiff</marc:subfield>
      <marc:subfield code="3">electronic resource</marc:subfield>
    </marc:datafield>
  </marc:record>