
  <marc:record>
    <marc:leader>     ncm  22     uu 4500</marc:leader>
    <marc:controlfield tag="001">eam105.11</marc:controlfield>
    <marc:controlfield tag="003">McRaeCatalog</marc:controlfield>
    <marc:controlfield tag="008">070724s1842
      pau|||||s|||||||||||zxx||</marc:controlfield>
    <marc:datafield tag="028" ind1="2" ind2="2">
      <marc:subfield code="a">El zagal valse</marc:subfield>
      <marc:subfield code="b">George Willig</marc:subfield>
    </marc:datafield>
    <marc:datafield tag="040" ind1=" " ind2=" ">
      <marc:subfield code="a">VA@</marc:subfield>
      <marc:subfield code="b">eng</marc:subfield>
      <marc:subfield code="c">VA@</marc:subfield>
    </marc:datafield>
    <marc:datafield tag="049" ind1=" " ind2=" ">
      <marc:subfield code="a">VA@@</marc:subfield>
    </marc:datafield>
    <marc:datafield tag="100" ind1="1" ind2=" ">
      <marc:subfield code="a">Bassani, Charles</marc:subfield>
    </marc:datafield>
    <marc:datafield tag="245" ind1="1" ind2="3">
      <marc:subfield code="a">El zagal</marc:subfield>
      <marc:subfield code="b">waltz al española : pour le piano forte : tiré
        d'un motif favori d'Elisa e Claudio</marc:subfield>
      <marc:subfield code="c">composé par Charles Bassini.</marc:subfield>
    </marc:datafield>
    <marc:datafield tag="260" ind1=" " ind2=" ">
      <marc:subfield code="a">Philadelphia (171 Chestnut St., Philadelphia) </marc:subfield>
      <marc:subfield code="a">Richmond, Va</marc:subfield>
      <marc:subfield code="b">George Willig</marc:subfield>
      <marc:subfield code="b">Smith, Drinker &amp; Morris</marc:subfield>
      <marc:subfield code="c">c1842</marc:subfield>
    </marc:datafield>
    <marc:datafield tag="300" ind1=" " ind2=" ">
      <marc:subfield code="a">2 leaves of music.</marc:subfield>
    </marc:datafield>
    <marc:datafield tag="500" ind1=" " ind2=" ">
      <marc:subfield code="a">For piano.</marc:subfield>
    </marc:datafield>
    <marc:datafield tag="500" ind1=" " ind2=" ">
      <marc:subfield code="a">Caption title.</marc:subfield>
    </marc:datafield>
    <marc:datafield tag="500" ind1=" " ind2=" ">
      <marc:subfield code="a">"Dédié à Miss Catherine L. Bridges of Richmond,
        Va."</marc:subfield>
    </marc:datafield>
    <marc:datafield tag="540" ind1=" " ind2=" ">
      <marc:subfield code="a">The Library is providing access to this material
        for educational and research purposes and is not aware of any U.S.
        copyright protection (see Title 17 of the United States
        code).</marc:subfield>
    </marc:datafield>
    <marc:datafield tag="650" ind1="1" ind2=" ">
      <marc:subfield code="a">Piano music</marc:subfield>
    </marc:datafield>
    <marc:datafield tag="650" ind1="1" ind2=" ">
      <marc:subfield code="a">Waltzes</marc:subfield>
    </marc:datafield>
    <marc:datafield tag="650" ind1="1" ind2=" ">
      <marc:subfield code="a">Popular instrumental music</marc:subfield>
      <marc:subfield code="y">To 1901</marc:subfield>
    </marc:datafield>
    <marc:datafield tag="700" ind1="1" ind2=" ">
      <marc:subfield code="a">Bridges, Catherine L.</marc:subfield>
      <marc:subfield code="e">dedicatee</marc:subfield>
    </marc:datafield>
    <marc:datafield tag="787" ind1="0" ind2=" ">
      <marc:subfield code="t">Elisa e Claudio</marc:subfield>
      <marc:subfield code="a">Mercadante, Saverio, 1795-1870</marc:subfield>
    </marc:datafield>
    <marc:datafield tag="852" ind1=" " ind2=" ">
      <marc:subfield code="a">Special Collections, University of Virginia
        Library, Charlottesville, Va.</marc:subfield>
    </marc:datafield>
    <marc:datafield tag="856" ind1=" " ind2=" ">
      <marc:subfield code="u">m000000012</marc:subfield>
      <marc:subfield code="q">image/tiff</marc:subfield>
      <marc:subfield code="3">electronic resource</marc:subfield>
    </marc:datafield>
  </marc:record>