
  <marc:record>
    <marc:leader>     ncm  22     uu 4500</marc:leader>
    <marc:controlfield tag="001">eam105.23</marc:controlfield>
    <marc:controlfield tag="003">McRaeCatalog</marc:controlfield>
    <marc:controlfield tag="008"
      >070724q18521869dcu|||||s|||||||||||eng||</marc:controlfield>
    <marc:datafield tag="028" ind1="2" ind2="2">
      <marc:subfield code="a">78</marc:subfield>
      <marc:subfield code="b">John F. Ellis</marc:subfield>
    </marc:datafield>
    <marc:datafield tag="040" ind1=" " ind2=" ">
      <marc:subfield code="a">VA@</marc:subfield>
      <marc:subfield code="b">eng</marc:subfield>
      <marc:subfield code="c">VA@</marc:subfield>
    </marc:datafield>
    <marc:datafield tag="049" ind1=" " ind2=" ">
      <marc:subfield code="a">VA@@</marc:subfield>
    </marc:datafield>
    <marc:datafield tag="100" ind1="1" ind2=" ">
      <marc:subfield code="a">Richards, Brinley,</marc:subfield>
      <marc:subfield code="d">1819-1885</marc:subfield>
    </marc:datafield>
    <marc:datafield tag="240" ind1="1" ind2="0">
      <marc:subfield code="a">Oh! whisper what thou feelest</marc:subfield>
    </marc:datafield>
    <marc:datafield tag="245" ind1="1" ind2="0">
      <marc:subfield code="a">Oh whisper what thou feelest</marc:subfield>
      <marc:subfield code="c">Richards.</marc:subfield>
    </marc:datafield>
    <marc:datafield tag="246" ind1="1" ind2=" ">
      <marc:subfield code="a">Crown diamonds</marc:subfield>
    </marc:datafield>
    <marc:datafield tag="246" ind1="1" ind2=" ">
      <marc:subfield code="a">Oh! whisper what thou feelest</marc:subfield>
    </marc:datafield>
    <marc:datafield tag="260" ind1=" " ind2=" ">
      <marc:subfield code="a">Washington, D.C. (306 Pennsylvania Ave.,
        Washington, D.C.)</marc:subfield>
      <marc:subfield code="b">John F. Ellis</marc:subfield>
      <marc:subfield code="c">[1852-1869?]</marc:subfield>
    </marc:datafield>
    <marc:datafield tag="300" ind1=" " ind2=" ">
      <marc:subfield code="a">1 score (5 p.)</marc:subfield>
    </marc:datafield>
    <marc:datafield tag="490" ind1="0" ind2=" ">
      <marc:subfield code="a">Wreath : a collection of popular songs by various
        authors</marc:subfield>
    </marc:datafield>
    <marc:datafield tag="500" ind1=" " ind2=" ">
      <marc:subfield code="a">For voice and piano.</marc:subfield>
    </marc:datafield>
    <marc:datafield tag="500" ind1=" " ind2=" ">
      <marc:subfield code="a">Written as an additional number for the production
        at Drury Lane in 1846 of Auber's Les diamants de la
        couronne.</marc:subfield>
    </marc:datafield>
    <marc:datafield tag="500" ind1=" " ind2=" ">
      <marc:subfield code="a">Composer's name given in caption as
        Auber.</marc:subfield>
    </marc:datafield>
    <marc:datafield tag="500" ind1=" " ind2=" ">
      <marc:subfield code="a">"Clayton, engraver."</marc:subfield>
    </marc:datafield>
    <marc:datafield tag="500" ind1=" " ind2=" ">
      <marc:subfield code="a">Advertisement on p. [6]: John F. Ellis Music
        Store.</marc:subfield>
    </marc:datafield>
    <marc:datafield tag="540" ind1=" " ind2=" ">
      <marc:subfield code="a">The Library is providing access to this material
        for educational and research purposes and is not aware of any U.S.
        copyright protection (see Title 17 of the United States
        code).</marc:subfield>
    </marc:datafield>
    <marc:datafield tag="650" ind1="1" ind2=" ">
      <marc:subfield code="a">Songs with piano</marc:subfield>
    </marc:datafield>
    <marc:datafield tag="650" ind1="1" ind2=" ">
      <marc:subfield code="a">Popular music</marc:subfield>
      <marc:subfield code="z">United States</marc:subfield>
      <marc:subfield code="y">To 1901</marc:subfield>
    </marc:datafield>
    <marc:datafield tag="700" ind1="1" ind2=" ">
      <marc:subfield code="a">Clayton, Charles O.</marc:subfield>
      <marc:subfield code="e">engraver</marc:subfield>
    </marc:datafield>
    <marc:datafield tag="787" ind1="0" ind2=" ">
      <marc:subfield code="t">Diamants de la couronne</marc:subfield>
      <marc:subfield code="a">Auber, D. F. E. (Daniel François Esprit),
        1782-1871</marc:subfield>
    </marc:datafield>
    <marc:datafield tag="852" ind1=" " ind2=" ">
      <marc:subfield code="a">Special Collections, University of Virginia
        Library, Charlottesville, Va.</marc:subfield>
    </marc:datafield>
    <marc:datafield tag="856" ind1=" " ind2=" ">
      <marc:subfield code="u">m000000025</marc:subfield>
      <marc:subfield code="q">image/tiff</marc:subfield>
      <marc:subfield code="3">electronic resource</marc:subfield>
    </marc:datafield>
  </marc:record>