
  <marc:record>
    <marc:leader>     ncm  22     uu 4500</marc:leader>
    <marc:controlfield tag="001">eam105.24</marc:controlfield>
    <marc:controlfield tag="003">McRaeCatalog</marc:controlfield>
    <marc:controlfield tag="008"
      >070724s18851885nyu|||||s|||||||||||zxx||</marc:controlfield>
    <marc:datafield tag="028" ind1="2" ind2="2">
      <marc:subfield code="a">1036-16</marc:subfield>
      <marc:subfield code="b">Richard A. Saalfield</marc:subfield>
    </marc:datafield>
    <marc:datafield tag="040" ind1=" " ind2=" ">
      <marc:subfield code="a">VA@</marc:subfield>
      <marc:subfield code="b">eng</marc:subfield>
      <marc:subfield code="c">VA@</marc:subfield>
    </marc:datafield>
    <marc:datafield tag="047" ind1=" " ind2=" ">
      <marc:subfield code="a">ov</marc:subfield>
      <marc:subfield code="a">op</marc:subfield>
    </marc:datafield>
    <marc:datafield tag="049" ind1=" " ind2=" ">
      <marc:subfield code="a">VA@@</marc:subfield>
    </marc:datafield>
    <marc:datafield tag="100" ind1="1" ind2=" ">
      <marc:subfield code="a">Flotow, Friedrich von,</marc:subfield>
      <marc:subfield code="d">1812-1883</marc:subfield>
    </marc:datafield>
    <marc:datafield tag="240" ind1="1" ind2="0">
      <marc:subfield code="a">Martha</marc:subfield>
      <marc:subfield code="p">Ouverture</marc:subfield>
      <marc:subfield code="o">arr.</marc:subfield>
    </marc:datafield>
    <marc:datafield tag="245" ind1="1" ind2="0">
      <marc:subfield code="a">Overture, Martha</marc:subfield>
      <marc:subfield code="b">Oper in vier Aufzügen</marc:subfield>
      <marc:subfield code="c">von Friedrich ; music by Friedrich von Flotow ;
        arr. for the pianoforte for four hands by Carl Czerny.</marc:subfield>
    </marc:datafield>
    <marc:datafield tag="246" ind1="1" ind2=" ">
      <marc:subfield code="a">Martha overture</marc:subfield>
    </marc:datafield>
    <marc:datafield tag="260" ind1=" " ind2=" ">
      <marc:subfield code="a">New York (41 Union Square, New
        York)</marc:subfield>
      <marc:subfield code="b">Richard A. Saalfield</marc:subfield>
      <marc:subfield code="c">1885?</marc:subfield>
    </marc:datafield>
    <marc:datafield tag="300" ind1=" " ind2=" ">
      <marc:subfield code="a">17 p. of music.</marc:subfield>
    </marc:datafield>
    <marc:datafield tag="490" ind1="0" ind2=" ">
      <marc:subfield code="a">Four hand folio : a collection of gems arranged
        for two performers ; 1036</marc:subfield>
    </marc:datafield>
    <marc:datafield tag="500" ind1=" " ind2=" ">
      <marc:subfield code="a">Opera excerpt, arranged for piano, 4
        hands.</marc:subfield>
    </marc:datafield>
    <marc:datafield tag="500" ind1=" " ind2=" ">
      <marc:subfield code="a">Caption title.</marc:subfield>
    </marc:datafield>
    <marc:datafield tag="500" ind1=" " ind2=" ">
      <marc:subfield code="a">Advertisement: "The Saalfield series : standard,
        popular and classic music books."</marc:subfield>
    </marc:datafield>
    <marc:datafield tag="540" ind1=" " ind2=" ">
      <marc:subfield code="a">The Library is providing access to this material
        for educational and research purposes and is not aware of any U.S.
        copyright protection (see Title 17 of the United States
        code).</marc:subfield>
    </marc:datafield>
    <marc:datafield tag="650" ind1="1" ind2=" ">
      <marc:subfield code="a">Overtures (Piano, 4 hands),
        Arranged</marc:subfield>
    </marc:datafield>
    <marc:datafield tag="650" ind1="1" ind2=" ">
      <marc:subfield code="a">Operas</marc:subfield>
      <marc:subfield code="v">Excerpts, Arranged</marc:subfield>
    </marc:datafield>
    <marc:datafield tag="650" ind1="1" ind2=" ">
      <marc:subfield code="a">Popular instrumental music</marc:subfield>
      <marc:subfield code="y">To 1901</marc:subfield>
    </marc:datafield>
    <marc:datafield tag="700" ind1="1" ind2=" ">
      <marc:subfield code="a">Friedrich, W.,</marc:subfield>
      <marc:subfield code="d">ca. 1820-1879</marc:subfield>
    </marc:datafield>
    <marc:datafield tag="700" ind1="1" ind2=" ">
      <marc:subfield code="a">Czerny, Carl,</marc:subfield>
      <marc:subfield code="d">1791-1857</marc:subfield>
      <marc:subfield code="e">arranger</marc:subfield>
    </marc:datafield>
    <marc:datafield tag="852" ind1=" " ind2=" ">
      <marc:subfield code="a">Special Collections, University of Virginia
        Library, Charlottesville, Va.</marc:subfield>
    </marc:datafield>
    <marc:datafield tag="856" ind1=" " ind2=" ">
      <marc:subfield code="u">m000000026</marc:subfield>
      <marc:subfield code="q">image/tiff</marc:subfield>
      <marc:subfield code="3">electronic resource</marc:subfield>
    </marc:datafield>
  </marc:record>